<record><leader>00000cas a22000007a 4500</leader><controlfield tag="001">10271134</controlfield><controlfield tag="008">840106d18301833pau x ne      0    0eng d</controlfield><controlfield tag="009">3781</controlfield><datafield ind1=" " ind2=" " tag="010"><subfield code="a">sn 84026076 </subfield></datafield><datafield ind1=" " ind2=" " tag="040"><subfield code="a">NPU</subfield><subfield code="b">eng</subfield><subfield code="c">NPU</subfield><subfield code="d">NYG</subfield><subfield code="d">DLC</subfield><subfield code="d">NPX</subfield><subfield code="d">NPH</subfield><subfield code="d">CNK</subfield><subfield code="d">KRTAS</subfield></datafield><datafield ind1="1" ind2=" " tag="029"><subfield code="a">AU@</subfield><subfield code="b">000025839708</subfield></datafield><datafield ind1=" " ind2=" " tag="042"><subfield code="a">msc</subfield></datafield><datafield ind1="0" ind2="0" tag="050"><subfield code="a">Newspaper 9375-X</subfield></datafield><datafield ind1="0" ind2="0" tag="245"><subfield code="a">Philade[lph]ia mail and universal literary and general advertiser.</subfield></datafield><datafield ind1="0" ind2="0" tag="246"><subfield code="a">Philadelphia mail and universal literary and general advertiser</subfield></datafield><datafield ind1="0" ind2="7" tag="246"><subfield code="a">Philadelphia mail</subfield></datafield><datafield ind1=" " ind2=" " tag="260"><subfield code="a">Philadelphia [Pa.] :</subfield><subfield code="b">E. Littell,</subfield><subfield code="c">1830-1833.</subfield></datafield><datafield ind1=" " ind2=" " tag="300"><subfield code="a">v. :</subfield><subfield code="b">ill. ;</subfield><subfield code="c">44 cm.</subfield></datafield><datafield ind1=" " ind2=" " tag="310"><subfield code="a">Frequency irregular</subfield></datafield><datafield ind1="0" ind2=" " tag="362"><subfield code="a">No. 1 (May 20, 1830)-no. 8 (May 1833).</subfield></datafield><datafield ind1=" " ind2=" " tag="500"><subfield code="a">"Philadelphia" partially obscured by title ornament, 1830-1832.</subfield></datafield><datafield ind1=" " ind2=" " tag="500"><subfield code="a">"It is intended to issue it weekly-and to divide the United States into four districts-sending it one week to the first,-another week to the second,-another to the third,-and another to the fourth."</subfield></datafield><datafield ind1=" " ind2=" " tag="515"><subfield code="a">Preceded by an introductory issue dated Apr. 20, 1830, and called no. 1.</subfield></datafield><datafield ind1=" " ind2=" " tag="515"><subfield code="a">Issues for Sept.-Dec. 1830 also called vol. 1.</subfield></datafield><datafield ind1=" " ind2=" " tag="752"><subfield code="a">United States</subfield><subfield code="b">Pennsylvania</subfield><subfield code="c">Philadelphia</subfield><subfield code="d">Philadelphia.</subfield></datafield><datafield ind1=" " ind2=" " tag="938"><subfield code="a">Kirtas Technologies, Inc.</subfield><subfield code="b">KRTS</subfield><subfield code="n">738021</subfield></datafield></record>